@inproceedings{merkle1987digital,
  title={A digital signature based on a conventional encryption function},
  author={Merkle, Ralph C},
  booktitle={Conference on the theory and application of cryptographic techniques},
  pages={369--378},
  year={1987},
  organization={Springer}
}
@article{diffie1976new,
  title={New directions in cryptography},
  author={Diffie, Whitfield and Hellman, Martin},
  journal={IEEE transactions on Information Theory},
  volume={22},
  number={6},
  pages={644--654},
  year={1976},
  publisher={IEEE}
}
@inproceedings{taassori2018vault,
  title={VAULT: Reducing paging overheads in SGX with efficient integrity verification structures},
  author={Taassori, Meysam and Shafiee, Ali and Balasubramonian, Rajeev},
  booktitle={Proceedings of the Twenty-Third International Conference on Architectural Support for Programming Languages and Operating Systems},
  pages={665--678},
  year={2018}
}
@inproceedings{rogers2007using,
  title={Using address independent seed encryption and bonsai merkle trees to make secure processors os-and performance-friendly},
  author={Rogers, Brian and Chhabra, Siddhartha and Prvulovic, Milos and Solihin, Yan},
  booktitle={40th Annual IEEE/ACM International Symposium on Microarchitecture (MICRO 2007)},
  pages={183--196},
  year={2007},
  organization={IEEE}
}

@article{saltzer1974protection,
  title={Protection and the control of information sharing in Multics},
  author={Saltzer, Jerome H},
  journal={Communications of the ACM},
  volume={17},
  number={7},
  pages={388--402},
  year={1974},
  publisher={ACM}
}

@book{levy1984capability,
  title={Capability-based computer systems},
  author={Levy, Henry M},
  year={1984},
  publisher={Digital Press}
}

@inproceedings{vilanova2017direct,
  title={Direct Inter-Process Communication (dIPC): Repurposing the CODOMs Architecture to Accelerate IPC},
  author={Vilanova, Llu{\'\i}s and Jord{\`a}, Marc and Navarro, Nacho and Etsion, Yoav and Valero, Mateo},
  booktitle={Proceedings of the Twelfth European Conference on Computer Systems},
  year={2017},
  organization={ACM}
}

@inproceedings{li2015reducing,
 author = {Li, Wenhao and Xia, Yubin and Chen, Haibo and Zang, Binyu and Guan, Haibing},
 title = {Reducing World Switches in Virtualized Environment with Flexible Cross-world Calls},
 booktitle = {Proceedings of the 42Nd Annual International Symposium on Computer Architecture},
 series = {ISCA '15},
 year = {2015},
} 

@inproceedings{ford1994evolving,
  title={Evolving Mach 3.0 to A Migrating Thread Model},
  author={Ford, Bryan and Lepreau, Jay},
  booktitle={USENIX Winter},
  year={1994}
}

@article{liedtke1993improving,
  title={Improving IPC by kernel design},
  author={Liedtke, Jochen},
  journal={ACM SIGOPS operating systems review},
  year={1993},
  publisher={ACM}
}

@article{bershad1990lightweight,
  title={Lightweight remote procedure call},
  author={Bershad, Brian N and Anderson, Thomas E and Lazowska, Edward D and Levy, Henry M},
  journal={ACM Transactions on Computer Systems (TOCS)},
  year={1990},
  publisher={ACM}
}

@inproceedings{shapiro2003vulnerabilities,
  title={Vulnerabilities in synchronous IPC designs},
  author={Shapiro, Jonathan S},
  booktitle={Security and Privacy, 2003. Proceedings. 2003 Symposium on},
  year={2003},
  organization={IEEE}
}

@inproceedings{villavieja2011didi,
  title={Didi: Mitigating the performance impact of tlb shootdowns using a shared tlb directory},
  author={Villavieja, Carlos and Karakostas, Vasileios and Vilanova, Lluis and Etsion, Yoav and Ramirez, Alex and Mendelson, Avi and Navarro, Nacho and Cristal, Adrian and Unsal, Osman S},
  booktitle={Parallel Architectures and Compilation Techniques (PACT), 2011 International Conference on},
  year={2011},
  organization={IEEE}
}

@inproceedings{vilanova2014codoms,
  title={CODOMs: Protecting software with code-centric memory domains},
  author={Vilanova, Llu{\"\i}s and Ben-Yehuda, Muli and Navarro, Nacho and Etsion, Yoav and Valero, Mateo},
  booktitle={ACM SIGARCH Computer Architecture News},
  year={2014},
  organization={IEEE Press}
}

@inproceedings{belay2012dune,
  title={Dune: Safe User-level Access to Privileged CPU Features.},
  author={Belay, Adam and Bittau, Andrea and Mashtizadeh, Ali Jos{\'e} and Terei, David and Mazi{\`e}res, David and Kozyrakis, Christos},
  booktitle={Osdi},
  volume={12},
  pages={335--348},
  year={2012}
}

@article{chase1994sharing,
  title={Sharing and protection in a single-address-space operating system},
  author={Chase, Jeffrey S and Levy, Henry M and Feeley, Michael J and Lazowska, Edward D},
  journal={ACM Transactions on Computer Systems (TOCS)},
  volume={12},
  number={4},
  year={1994},
  publisher={ACM}
}

@inproceedings{gamsa1999tornado,
  title={Tornado: Maximizing locality and concurrency in a shared memory multiprocessor operating system},
  author={Gamsa, Benjamin and Krieger, Orran and Appavoo, Jonathan and Stumm, Michael},
  booktitle={OSDI},
  volume={99},
  pages={87--100},
  year={1999}
}

@inproceedings{liedtke1997achieved,
  title={Achieved IPC performance (still the foundation for extensibility)},
  author={Liedtke, Jochen and Elphinstone, Kevin and Schonberg, Sebastian and Hartig, Hermann and Heiser, Gernot and Islam, Nayeem and Jaeger, Trent},
  booktitle={Operating Systems, 1997., The Sixth Workshop on Hot Topics in},
  year={1997},
  organization={IEEE}
}

@inproceedings{hartig1997performance,
  title={The performance of $\mu$-kernel-based systems},
  author={H{\"a}rtig, Hermann and Hohmuth, Michael and Liedtke, Jochen and Wolter, Jean and Sch{\"o}nberg, Sebastian},
  booktitle={ACM SIGOPS Operating Systems Review},
  volume={31},
  number={5},
  year={1997},
  organization={ACM}
}

@inproceedings{Witchel:2002:MMP:605397.605429,
 author = {Witchel, Emmett and Cates, Josh and Asanovi\'{c}, Krste},
 title = {Mondrian Memory Protection},
 booktitle = {Proceedings of the 10th International Conference on Architectural Support for Programming Languages and Operating Systems},
 series = {ASPLOS X},
 year = {2002},
 isbn = {1-58113-574-2},
 location = {San Jose, California},
 acmid = {605429},
 publisher = {ACM},
 address = {New York, NY, USA},
} 


@book{koldinger1992architecture,
  title={Architecture support for single address space operating systems},
  author={Koldinger, Eric J and Chase, Jeffrey S and Eggers, Susan J},
  volume={27},
  number={9},
  year={1992},
  publisher={ACM}
}

@article{chang1988801,
  title={801 storage: Architecture and programming},
  author={Chang, Albert and Mergen, Mark F},
  journal={ACM Transactions on Computer Systems (TOCS)},
  volume={6},
  number={1},
  year={1988},
  publisher={ACM}
}

@inproceedings{fahndrich2006language,
  title={Language support for fast and reliable message-based communication in Singularity OS},
  author={F{\"a}hndrich, Manuel and Aiken, Mark and Hawblitzel, Chris and Hodson, Orion and Hunt, Galen and Larus, James R and Levi, Steven},
  booktitle={ACM SIGOPS Operating Systems Review},
  year={2006},
  organization={ACM}
}

@article{hunt2007singularity,
  title={Singularity: rethinking the software stack},
  author={Hunt, Galen C and Larus, James R},
  journal={ACM SIGOPS Operating Systems Review},
  year={2007},
  publisher={ACM}
}

@inproceedings{heiser1993mungi,
  title={Mungi: A distributed single address-space operating system},
  author={Heiser, Gernot and Elphinstone, Kevin and Russell, Stephen and Vochteloo, Jerry},
  booktitle={Proceedings of the 17th Australasian Computer Science Conference},
  year={1993},
  organization={Citeseer}
}

@article{redell1980pilot,
  title={Pilot: An operating system for a personal computer},
  author={Redell, David D and Dalal, Yogen K and Horsley, Thomas R and Lauer, Hugh C and Lynch, William C and McJones, Paul R and Murray, Hal G and Purcell, Stephen C},
  journal={Communications of the ACM},
  year={1980},
  publisher={ACM}
}

@article{swinehart1986structural,
  title={A structural view of the Cedar programming environment},
  author={Swinehart, Daniel C and Zellweger, Polle T and Beach, Richard J and Hagmann, Robert B},
  journal={ACM Transactions on Programming Languages and Systems (TOPLAS)},
  year={1986},
  publisher={ACM}
}

@inproceedings{soares2010flexsc,
  title={FlexSC: Flexible system call scheduling with exception-less system calls},
  author={Soares, Livio and Stumm, Michael},
  booktitle={Proceedings of the 9th USENIX conference on Operating systems design and implementation},
  year={2010},
  organization={USENIX Association}
}

@inproceedings{baumann2009multikernel,
  title={The multikernel: a new OS architecture for scalable multicore systems},
  author={Baumann, Andrew and Barham, Paul and Dagand, Pierre-Evariste and Harris, Tim and Isaacs, Rebecca and Peter, Simon and Roscoe, Timothy and Sch{\"u}pbach, Adrian and Singhania, Akhilesh},
  booktitle={Proceedings of the ACM SIGOPS 22nd symposium on Operating systems principles},
  year={2009},
}

@inproceedings{litton2016light,
  title={Light-Weight Contexts: An OS Abstraction for Safety and Performance.},
  author={Litton, James and Vahldiek-Oberwagner, Anjo and Elnikety, Eslam and Garg, Deepak and Bhattacharjee, Bobby and Druschel, Peter},
  booktitle={OSDI},
  year={2016}
}

@book{liedtke1995micro,
  title={On micro-kernel construction},
  author={Liedtke, Jochen},
  volume={29},
  number={5},
  year={1995},
  publisher={ACM}
}

@article{krieger2006k42,
  title={K42: building a complete operating system},
  author={Krieger, Orran and Auslander, Marc and Rosenburg, Bryan and Wisniewski, Robert W and Xenidis, Jimi and Da Silva, Dilma and Ostrowski, Michal and Appavoo, Jonathan and Butrico, Maria and Mergen, Mark and others},
  journal={ACM SIGOPS Operating Systems Review},
  volume={40},
  number={4},
  year={2006},
  publisher={ACM}
}

@inproceedings{clark1992architectural,
  title={An architectural overview of the Alpha real-time distributed kernel},
  author={Clark, Raymond K and Jensen, E Douglas and Reynolds, Franklin D},
  booktitle={Proceedings of the USENIX Workshop on Microkernels and other Kernel Architectures},
  year={1992}
}

@inproceedings{scott1988design,
  title={Design Rationale for Psyche a General-Purpose Multiprocessor Operating System.},
  author={Scott, Michael L and LeBlanc, Thomas J and Marsh, Brian D},
  booktitle={ICPP (2)},
  year={1988}
}

@article{hamilton1993spring,
  title={The Spring nucleus: A microkernel for objects},
  author={Hamilton, Graham and Kougiouris, Panos},
  year={1993},
  publisher={Sun Microsystems, Inc.}
}

@inproceedings{bittau2008wedge,
  title={Wedge: Splitting Applications into Reduced-Privilege Compartments.},
  author={Bittau, Andrea and Marchenko, Petr and Handley, Mark and Karp, Brad},
  booktitle={NSDI},
  volume={8},
  year={2008}
}

@inproceedings{hua2017vtz,
  title={vTZ: Virtualizing ARM TrustZone},
  author={Hua, Zhichao and Gu, Jinyu and Xia, Yubin and Chen, Haibo and Zang, Binyu and Guan, Haibing},
  booktitle={26th USENIX Security Symposium (USENIX Security 17)},
  year={2017},
  organization={USENIX Association}
}
@inproceedings{dautenhahn2015nested,
  title={Nested kernel: An operating system architecture for intra-kernel privilege separation},
  author={Dautenhahn, Nathan and Kasampalis, Theodoros and Dietz, Will and Criswell, John and Adve, Vikram},
  booktitle={ACM SIGPLAN Notices},
  volume={50},
  number={4},
  year={2015},
  organization={ACM}
}
@inproceedings{shi2017deconstructing,
  title={Deconstructing Xen},
  author={Shi, Lei and Wu, Yuming and Xia, Yubin and Dautenhahn, Nathan and Chen, Haibo and Zang, Binyu and Guan, Haibing and Li, Jinming},
  booktitle={24th Annual Network and Distributed System Security Symposium,(NDSS’17), San Diego, CA, USA},
  year={2017}
}
@inproceedings{elphinstone2013l3,
  title={From L3 to seL4 what have we learnt in 20 years of L4 microkernels?},
  author={Elphinstone, Kevin and Heiser, Gernot},
  booktitle={Proceedings of the Twenty-Fourth ACM Symposium on Operating Systems Principles},
  year={2013},
}
@inproceedings{klein2009sel4,
  title={seL4: Formal verification of an OS kernel},
  author={Klein, Gerwin and Elphinstone, Kevin and Heiser, Gernot and Andronick, June and Cock, David and Derrin, Philip and Elkaduwe, Dhammika and Engelhardt, Kai and Kolanski, Rafal and Norrish, Michael and others},
  booktitle={Proceedings of the ACM SIGOPS 22nd symposium on Operating systems principles},
  year={2009},
}
@inproceedings{heiser2010okl4,
  title={The OKL4 Microvisor: Convergence point of microkernels and hypervisors},
  author={Heiser, Gernot and Leslie, Ben},
  booktitle={Proceedings of the first ACM asia-pacific workshop on Workshop on systems},
  year={2010},
}
@inproceedings{steinberg2010nova,
  title={NOVA: a microhypervisor-based secure virtualization architecture},
  author={Steinberg, Udo and Kauer, Bernhard},
  booktitle={Proceedings of the 5th European conference on Computer systems},
  year={2010},
}
@inproceedings{von2003events,
  title={Why Events Are a Bad Idea (for High-Concurrency Servers).},
  author={Von Behren, J Robert and Condit, Jeremy and Brewer, Eric A},
  booktitle={HotOS},
  year={2003}
}
@inproceedings{elmeleegy2004lazy,
  title={Lazy Asynchronous I/O for Event-Driven Servers.},
  author={Elmeleegy, Khaled and Chanda, Anupam and Cox, Alan L and Zwaenepoel, Willy},
  booktitle={USENIX Annual Technical Conference, General Track},
  year={2004}
}

@inproceedings{liu2015thwarting,
  title={Thwarting memory disclosure with efficient hypervisor-enforced intra-domain isolation},
  author={Liu, Yutao and Zhou, Tianyu and Chen, Kexin and Chen, Haibo and Xia, Yubin},
  booktitle={Proceedings of the 22nd ACM SIGSAC Conference on Computer and Communications Security},
  year={2015},
  organization={ACM}
}

@inproceedings{carter1994hardware,
  title={Hardware support for fast capability-based addressing},
  author={Carter, Nicholas P and Keckler, Stephen W and Dally, William J},
  booktitle={ACM SIGPLAN Notices},
  year={1994},
  organization={ACM}
}

@inproceedings{nightingale2009helios,
  title={Helios: heterogeneous multiprocessing with satellite kernels},
  author={Nightingale, Edmund B and Hodson, Orion and McIlroy, Ross and Hawblitzel, Chris and Hunt, Galen},
  booktitle={Proceedings of the ACM SIGOPS 22nd symposium on Operating systems principles},
  year={2009},
  organization={ACM}
}
